
@inproceedings{gibbons11,
  title = "Just do it: Simple monadic equational reasoning",
  author = "Jeremy Gibbons and Ralf Hinze",
  year = "2011",
  booktitle = "ICFP"
}

@article{moggi91,
 author = {Eugenio Moggi},
 title = {Notions of Computation and Monads},
 journal = {Inf. Comput.},
 volume = {93},
 number = {1},
 year = {1991}
}

@inproceedings{swamy13,
 author = {Nikhil Swamy and Joel Weinberger and Cole Schlesinger and Juan Chen and Benjamin Livshits},
 title = {Verifying Higher-order Programs with the Dijkstra Monad},
 booktitle = {PLDI},
 year = {2013}
} 

@inproceedings{nanevski08,
 author = {Aleksandar Nanevski and Greg Morrisett and Avraham Shinnar and Paul Govereau and Lars Birkedal},
 title = {Ynot: Dependent Types for Imperative Programs},
 booktitle = {ICFP},
 year = {2008}
}

@inproceedings{liang95,
 author = {Sheng Liang and Paul Hudak and Mark Jones},
 title = {Monad Transformers and Modular Interpreters},
 booktitle = {POPL},
 year = {1995}
} 
